@article{cohen2008bittorrent,
  title={The BitTorrent protocol specification, 2008},
  author={Cohen, Bram},
  journal={URL http://bittorrent.org/beps/bep\_0003.html},
  year={2008}
}